
@online{396,
  author = {Daniel Steinbock},
  title = {TagCrowd Home Page},
  url = {http://tagcrowd.com},
  urldate = {2009-08-31}
}


@inproceedings{192,
  title={A brief survey of text mining.},
  author={Hotho, Andreas and N{\"u}rnberger, Andreas and Paa{\ss}, Gerhard},
  booktitle={Ldv forum},
  volume={20},
  number={1},
  pages={19--62},
  year={2005}
}


@article{490,
  title={Human behavior and the principle of least effort},
  author={Zipf, George Kingsley and others},
  year={1949},
  publisher={Addison-Wesley Press}
}


@article{450,
  title={The word tree, an interactive visual concordance},
  author={Wattenberg, Martin and Vi{\'e}gas, Fernanda B},
  journal={IEEE transactions on visualization and computer graphics},
  volume={14},
  number={6},
  pages={1221--1228},
  year={2008},
  publisher={IEEE}
}


@online{196,
  author = {IBM},
  title = {Many Eyes Home Page},
  url = {http://manyeyes.alphaworks.ibm.com},
  urldate = {2009-08-31}
}


@inproceedings{312,
  title={Textarc: Showing word frequency and distribution in text},
  author={Paley, W Bradford},
  booktitle={Poster presented at IEEE Symposium on Information Visualization},
  volume={2002},
  year={2002}
}


@inproceedings{451,
  title={Arc diagrams: Visualizing structure in strings},
  author={Wattenberg, Martin},
  booktitle={IEEE Symposium on Information Visualization, 2002. INFOVIS 2002.},
  pages={110--116},
  year={2002},
  organization={IEEE}
}


@inproceedings{222,
  title={Literature fingerprinting: A new method for visual literary analysis},
  author={Keim, Daniel A and Oelke, Daniela},
  booktitle={2007 IEEE Symposium on Visual Analytics Science and Technology},
  pages={115--122},
  year={2007},
  organization={IEEE}
}


@article{248,
  title={The self-organizing map},
  author={Kohonen, Teuvo},
  journal={Proceedings of the IEEE},
  volume={78},
  number={9},
  pages={1464--1480},
  year={1990},
  publisher={IEEE}
}


@article{407,
  title={Discovering knowledge through visual analysis},
  author={Thomas, James J and Cowley, Paula J and Kuchar, Olga A and Nowell, Lucy T and Thomson, Judi R and Wong, Pak C},
  journal={Journal of Universal Computer Science, 7 (6): 517-529},
  volume={7},
  number={PNNL-SA-34888},
  year={2001},
  publisher={Pacific Northwest National Lab.(PNNL), Richland, WA (United States)}
}


@online{454,
  author = {WEBSOM research group},
  title = {WEBSOM Mapâ€”Million Documents},
  url = {http://websom.hut.fi/websom/milliondemo/html/root.html},
  urldate = {2009-08-31}
}


@article{400,
  title={Document cards: A top trumps visualization for documents},
  author={Strobelt, Hendrik and Oelke, Daniela and Rohrdantz, Christian and Stoffel, Andreas and Keim, Daniel A and Deussen, Oliver},
  journal={IEEE transactions on visualization and computer graphics},
  volume={15},
  number={6},
  pages={1145--1152},
  year={2009},
  publisher={IEEE}
}


@article{108,
  title={Seesoft-a tool for visualizing line oriented software statistics},
  author={Eick, Stephen G and Steffen, Joseph L and Sumner, Eric E and others},
  journal={IEEE Transactions on Software Engineering},
  volume={18},
  number={11},
  pages={957--968},
  year={1992}
}


@article{232,
  title={Pixel-oriented database visualizations},
  author={Keim, Daniel A},
  journal={ACM Sigmod Record},
  volume={25},
  number={4},
  pages={35--39},
  year={1996},
  publisher={ACM New York, NY, USA}
}


@inproceedings{178,
  title={Tilebars: Visualization of term distribution information in full text information access},
  author={Hearst, Marti A},
  booktitle={Proceedings of the SIGCHI conference on Human factors in computing systems},
  pages={59--66},
  year={1995}
}


@article{173,
  title={Themeriver: Visualizing thematic changes in large document collections},
  author={Havre, Susan and Hetzler, Elizabeth and Whitney, Paul and Nowell, Lucy},
  journal={IEEE transactions on visualization and computer graphics},
  volume={8},
  number={1},
  pages={9--20},
  year={2002},
  publisher={IEEE}
}


@inproceedings{155,
  title={Jigsaw meets blue iguanodon-the vast 2007 contest},
  author={Gorg, Carsten and Liu, Zhicheng and Parekh, Neel and Singhal, Kanupriya and Stasko, John},
  booktitle={2007 IEEE Symposium on Visual Analytics Science and Technology},
  pages={235--236},
  year={2007},
  organization={IEEE}
}


@inproceedings{440,
  title={Visual sentiment analysis of rss news feeds featuring the us presidential election in 2008},
  author={Wanner, Franz and Rohrdantz, Christian and Mansmann, Florian and Oelke, Daniela and Keim, Daniel A},
  booktitle={VISSW},
  year={2009}
}


@book{379,
  title={Visual data mining: theory, techniques and tools for visual analytics},
  author={Simoff, Simeon and B{\"o}hlen, Michael H and Mazeika, Arturas},
  volume={4404},
  year={2008},
  publisher={Springer Science \& Business Media}
}


@book{122,
  title={The text mining handbook: advanced approaches in analyzing unstructured data},
  author={Feldman, Ronen and Sanger, James and others},
  year={2007},
  publisher={Cambridge university press}
}


@book{179,
  title={Search user interfaces},
  author={Hearst, Marti},
  year={2009},
  publisher={Cambridge university press}
}


@article{356,
  title={A vector space model for automatic indexing},
  author={Salton, Gerard and Wong, Anita and Yang, Chung-Shu},
  journal={Communications of the ACM},
  volume={18},
  number={11},
  pages={613--620},
  year={1975},
  publisher={ACM New York, NY, USA}
}


@article{355,
  title={Term-weighting approaches in automatic text retrieval},
  author={Salton, Gerard and Buckley, Christopher},
  journal={Information processing \& management},
  volume={24},
  number={5},
  pages={513--523},
  year={1988},
  publisher={Elsevier}
}


@online{118,
  author = {Jonathan Feinberg},
  title = {Wordle Home Page},
  url = {http://www.wordle.net},
  urldate = {2009-08-31}
}